@article{cuisano2020eficiencia,
  title={Eficiencia energ{\'e}tica en sistemas el{\'e}ctricos de micro, peque{\~n}as y medianas empresas del sector de alimentos. Simulaci{\'o}n para optimizar costos de consumo de energ{\'\i}a el{\'e}ctrica},
  author={Cuisano, Julio C and Chirinos, Luis R and Barrantes, Enrique J},
  journal={Informaci{\'o}n tecnol{\'o}gica},
  volume={31},
  number={2},
  pages={267--276},
  year={2020},
  publisher={Centro de Informaci{\'o}n Tecnol{\'o}gica}
}
@article{oesb, title={Optimización de energía en sistemas de bombeo}, volume={77}, url={http://revistas.sena.edu.co/index.php/inf_tec/article/view/44}, DOI={10.23850/22565035.44}, abstractNote={Se realizó un estudio de optimización energética en sistemas de bombeo, resaltando el impacto de los variadores de frecuencia, con el objetivo de proponer un modelo para diagnosticar sistemas de bombeo que permitieran valorar la disminución del consumo energético. Se hizo una búsqueda y recopilación de las teorías aplicadas a: sistemas de bombeo, motores de corriente alterna, variadores de frecuencia y su uso en las industrias. Se propuso el modelo de diagnóstico y se desarrollaron mediciones en un banco de pruebas; se analizaron los datos recopilados con una herramienta desarrollada en Excel, que permitió caracterizar el sistema; se realizó una simulación que consistió en asignarle unos porcentajes de uso de la curva de carga; se demostró un ahorro energético, si el sistema logró operar en un punto de mayor eficiencia. Se analizaron las pruebas con el variador de velocidad, las cuales presentaron un ahorro mayor de energía debido al menor consumo de potencia. La herramienta desarrollada en Excel permitió, a través de datos iniciales, calcular la curva de carga de todo el sistema, la eficiencia de la bomba, el motor, el conjunto motor variador (en el caso del uso del variador de frecuencia) y control del motor o arrancador (centro de control de motores).}, number={1}, journal={Informador Técnico}, author={Sabogal Abril, Bernardo Roger and Palacios Peñaranda, Jairo Arcesio and Pantoja Tovar, Cristhian Libardo}, year={2013}, month={jun.}, pages={47} }

@article{torres2019estimacion,
  title={Estimaci{\'o}n del potencial fotovoltaico mediante miner{\'\i}a de datos en cuatro ciudades de Colombia},
  author={Torres-Pinz{\'o}n, Carlos A and Forero-Garc{\'\i}a, Edwin F and others},
  journal={TecnoL{\'o}gicas},
  volume={22},
  number={46},
  pages={77--97},
  year={2019}
}

@inproceedings{inproceedings,
author = {Cavaller Riva, Danniel and Ortega Yubro, Cristian Dario},
year = {2020},
month = {04},
pages = {},
title = {DATA SCIENCE IN WATER RESOURCE OPTIMIZATION SCIENCE OF DATA ON THE WATER RESOURCE OPTIMIZATION}}

@article{urbano2013redes,
  title={Redes de sensores inalámbricos aplicadas a optimización en agricultura de precisión para cultivos de café en Colombia},
  author={Urbano-Molano, Fernando Aparicio},
  journal={Journal de Ciencia e Ingeniería},
  volume={5},
  number={1},
  pages={46--52},
  year={2013}
}
}
@misc{reto,
author={{Tecnológico de Monterrey}},
year={2021},
title={Optimización de escenarios en producción},
howpublished={https://experiencia21.tec.mx/courses/138974/pages/reto}
}
}
@misc{cemex,
author={{CEMEX}},
year={2019},
title={Acerca de nosotros},
howpublished={https://www.cemexmexico.com/acerca-de-cemex}
}

@misc{hadoop,
author={{AWS documentation}},
year={N.D},
title={Process Data with Streaming},
howpublished={https://docs.aws.amazon.com/emr/latest/ReleaseGuide/UseCase\_Streaming.html}
}

@misc{hyperpar,
author={{AWS documentation}},
year={N.D},
title={How Hyperparameter Tuning Works},
howpublished={https://docs.aws.amazon.com/sagemaker/latest/dg/automatic-model-tuning-how-it-works.html}
}




@software{reback2020pandas,
    author       = {The pandas development team},
    title        = {pandas-dev/pandas: Pandas},
    month        = feb,
    year         = 2020,
    publisher    = {Zenodo},
    version      = {latest},
    doi          = {10.5281/zenodo.3509134},
    url          = {https://doi.org/10.5281/zenodo.3509134}
}

@ARTICLE{2020SciPy-NMeth,
  author  = {Virtanen, Pauli and Gommers, Ralf and Oliphant, Travis E. and
            Haberland, Matt and Reddy, Tyler and Cournapeau, David and
            Burovski, Evgeni and Peterson, Pearu and Weckesser, Warren and
            Bright, Jonathan and {van der Walt}, St{\'e}fan J. and
            Brett, Matthew and Wilson, Joshua and Millman, K. Jarrod and
            Mayorov, Nikolay and Nelson, Andrew R. J. and Jones, Eric and
            Kern, Robert and Larson, Eric and Carey, C J and
            Polat, {\.I}lhan and Feng, Yu and Moore, Eric W. and
            {VanderPlas}, Jake and Laxalde, Denis and Perktold, Josef and
            Cimrman, Robert and Henriksen, Ian and Quintero, E. A. and
            Harris, Charles R. and Archibald, Anne M. and
            Ribeiro, Ant{\^o}nio H. and Pedregosa, Fabian and
            {van Mulbregt}, Paul and {SciPy 1.0 Contributors}},
  title   = {{{SciPy} 1.0: Fundamental Algorithms for Scientific
            Computing in Python}},
  journal = {Nature Methods},
  year    = {2020},
  volume  = {17},
  pages   = {261--272},
  adsurl  = {https://rdcu.be/b08Wh},
  doi     = {10.1038/s41592-019-0686-2},
}

@article{scikit-learn,
 title={Scikit-learn: Machine Learning in {P}ython},
 author={Pedregosa, F. and Varoquaux, G. and Gramfort, A. and Michel, V.
         and Thirion, B. and Grisel, O. and Blondel, M. and Prettenhofer, P.
         and Weiss, R. and Dubourg, V. and Vanderplas, J. and Passos, A. and
         Cournapeau, D. and Brucher, M. and Perrot, M. and Duchesnay, E.},
 journal={Journal of Machine Learning Research},
 volume={12},
 pages={2825--2830},
 year={2011}
}


@book{mcdonald2009handbook,
  title={Handbook of biological statistics},
  author={McDonald, John H},
  volume={2},
  year={2009},
  publisher={sparky house publishing Baltimore, MD}
}
@misc{BonnerL2018,
    author={Bonner,L.},
    title={K-Nearest Neighbors},
    year=2018,
    howpublished=   {https://www.fromthegenesis.com/pros-and-cons-of-k-nearest-neighbors/}
}
@misc{Mille2019,
    author={Miller, M.},
    title={The Basics: KNN for classification and regression},
    year=2019,
    howpublished=   { https://towardsdatascience.com/the-basics-knn-for-classification-and-regression-c1e8a6c955}
}


@inbook{handbook,
Author = {Tinsley Howard, E.A. and Brown Steven, D.},
Booktitle = {Handbook of Applied Muiltivariate Statistics and Mathematical Modeling},
ISBN = {978-0-08-053356-8},
Publisher = {Elsevier},
Title = {6.1.1.4 Multiple R-Squared, Adjusted R-Squared, and Shrunken R-Squared.},
URL = {http://0-search.ebscohost.com.biblioteca-ils.tec.mx/login.aspx?direct=true&db=edsknv&AN=edsknv.kt00TY8HD2&lang=es&site=eds-live&scope=site},
Year = {2014},
}



@inbook{mlfd,
Author = {Bonnin, Rodolfo},
Booktitle = {Machine Learning for Developers},
ISBN = {978-1-5231-1673-7},
Publisher = {Packt Publishing},
Title = {2.8.1.1 Mean Absolute Error.},
URL = {http://0-search.ebscohost.com.biblioteca-ils.tec.mx/login.aspx?direct=true&db=edsknv&AN=edsknv.kt011LN4H1&lang=es&site=eds-live&scope=site},
Year = {2018},
}

@misc{RajustadaCita,
    author={Melillanca, E.},
    title={Coeficiente de determinación corregido o R-cuadrado ajustado},
    year=2018,
    howpublished= {
    http://ericmelillanca.cl/content/coeficiente-determinaci-n-corregido-o-r-cuadrado-ajustado}
}
@misc{MAECita,
    author={NumXL Pro},
    title={MAE - Error medio absoluto},
    year=2016,
    howpublished= {
    https://support.numxl.com/hc/es/articles/215969423-MAE-Error-medio-absoluto}
}
@misc{EscaladoCita1,
    author={Morante, S.},
    title={Precauciones a la hora de normalizar datos en Data Science},
    year=2018,
    howpublished= {
    https://empresas.blogthinkbig.com/precauciones-la-hora-de-normalizar/}
}
@misc{EscaladoCita2,
    author={Interactive Chaos},
    title={Escalado de Datos},
    year=2020,
    howpublished= {
    https://www.interactivechaos.com/es/manual/tutorial-de-machine-learning/escalado-de-datos}
}
